<collection xmlns="http://www.loc.gov/MARC21/slim">
<record>
  <leader>01243nam0a22002411i 450 </leader>
  <controlfield tag="001">IT\ICCU\CNCE\059828</controlfield>
  <controlfield tag="005">20121017000000.0</controlfield>
  <datafield tag="012" ind1=" " ind2=" ">
    <subfield code="a">uar- l.e. n-o. 2928 (3) 1584 (A)</subfield>
    <subfield code="2">fei</subfield>
  </datafield>
  <datafield tag="100" ind1=" " ind2=" ">
    <subfield code="a">20041217d1584        0itac0103    ba</subfield>
  </datafield>
  <datafield tag="101" ind1=" " ind2=" ">
    <subfield code="a">LAT</subfield>
  </datafield>
  <datafield tag="102" ind1=" " ind2=" ">
    <subfield code="a">IT</subfield>
  </datafield>
  <datafield tag="200" ind1="1" ind2=" ">
    <subfield code="a">Flores Italici ac Latini sermonis, ex hortis exercitationis Io. Ludouici Viuis excerpti et ab Horatio Tuscanella Italice interpretati. Primum in gratiam studiosorum omnium, sed praecipue exterarum nationum impressi, &amp; in lucem editi. Postremum indice elocutionum omnium, cum latino, tum italico locupletati, et a multis mendis vindicati</subfield>
  </datafield>
  <datafield tag="210" ind1=" " ind2=" ">
    <subfield code="a">Taurini</subfield>
    <subfield code="c">apud Io. Bapt. Ratterium</subfield>
    <subfield code="d">1584</subfield>
  </datafield>
  <datafield tag="215" ind1=" " ind2=" ">
    <subfield code="a">\12!, 292, \40! c.</subfield>
    <subfield code="d">8ʻ</subfield>
  </datafield>
  <datafield tag="620" ind1=" " ind2=" ">
    <subfield code="a">IT</subfield>
    <subfield code="d">Torino</subfield>
  </datafield>
  <datafield tag="700" ind1=" " ind2="1">
    <subfield code="a">Vives,</subfield>
    <subfield code="b">Juan Luis</subfield>
    <subfield code="3">IT\ICCU\CNCA\006590</subfield>
  </datafield>
  <datafield tag="702" ind1=" " ind2="1">
    <subfield code="a">Toscanella,</subfield>
    <subfield code="b">Orazio</subfield>
    <subfield code="3">IT\ICCU\CNCA\000068</subfield>
  </datafield>
  <datafield tag="712" ind1="0" ind2="0">
    <subfield code="a">Ratteri, Giovanni Battista</subfield>
    <subfield code="3">IT\ICCU\CNCT\000582</subfield>
    <subfield code="4">650</subfield>
  </datafield>
  <datafield tag="790" ind1=" " ind2="1">
    <subfield code="a">Vives,</subfield>
    <subfield code="b">Joannes Ludovicus</subfield>
    <subfield code="3">IT\ICCU\CNCA\010249</subfield>
    <subfield code="z">Vives, Juan Luis</subfield>
  </datafield>
  <datafield tag="790" ind1=" " ind2="1">
    <subfield code="a">Vivius,</subfield>
    <subfield code="b">Ioannes</subfield>
    <subfield code="3">IT\ICCU\CNCA\017909</subfield>
    <subfield code="z">Vives, Juan Luis</subfield>
  </datafield>
  <datafield tag="791" ind1="0" ind2="0">
    <subfield code="a">Ratterius, Ioannes Baptista</subfield>
    <subfield code="3">IT\ICCU\CNCT\005308</subfield>
    <subfield code="z">Ratteri, Giovanni Battista</subfield>
  </datafield>
  <datafield tag="801" ind1=" " ind2="3">
    <subfield code="a">IT</subfield>
    <subfield code="b">ICCU</subfield>
    <subfield code="c">20201115</subfield>
  </datafield>
  <datafield tag="899" ind1=" " ind2=" ">
    <subfield code="a">Biblioteca civica Romolo Spezioli. Fermo</subfield>
    <subfield code="1">AP0012</subfield>
    <subfield code="2">UMC FM</subfield>
  </datafield>
</record>
</collection>
